@misc{PolyaUrnScheme,
  author       = {Kyle Siegrist},
  title        = {Pólya's Urn Process},
  howpublished = {\url{https://www.randomservices.org/random/urn/Polya.html}},
  year         = {2024},
  note         = {Accessed: 2024-05-23}
}

@article{helfand2013polya,
  title={Polya’s Urn and the Beta-Bernoulli process},
  author={Helfand, NORA},
  journal={University of Chicago REU},
  year={2013}
}

@book{alon2016probabilistic,
  title={The probabilistic method},
  author={Alon, Noga and Spencer, Joel H},
  year={2016},
  publisher={John Wiley \& Sons}
}
